<collection xmlns="http://www.loc.gov/MARC21/slim">
<record>
  <leader>01059nam0a22002411i 450 </leader>
  <controlfield tag="001">IT\ICCU\CNCE\035873</controlfield>
  <controlfield tag="005">20060216000000.0</controlfield>
  <datafield tag="012" ind1=" " ind2=" ">
    <subfield code="a">sta, o.I. m.i- nat, (C) 1599 (Q)</subfield>
    <subfield code="2">fei</subfield>
  </datafield>
  <datafield tag="100" ind1=" " ind2=" ">
    <subfield code="a">19980115f1599        0itac0103    ba</subfield>
  </datafield>
  <datafield tag="101" ind1=" " ind2=" ">
    <subfield code="a">LAT</subfield>
  </datafield>
  <datafield tag="102" ind1=" " ind2=" ">
    <subfield code="a">IT</subfield>
  </datafield>
  <datafield tag="200" ind1="1" ind2=" ">
    <subfield code="a">De summa Trinitate sermo habitus ad Clementem VIII ... inter missarum ... Trinitatis die anno MDXCIX ... per Hiernonymum Vitalem a Lobera et Soribes</subfield>
  </datafield>
  <datafield tag="210" ind1=" " ind2=" ">
    <subfield code="a">Romae</subfield>
    <subfield code="c">\Giacomo Luna?!</subfield>
    <subfield code="d">\1599?!</subfield>
  </datafield>
  <datafield tag="215" ind1=" " ind2=" ">
    <subfield code="a">\6! c.</subfield>
    <subfield code="d">4ʻ</subfield>
  </datafield>
  <datafield tag="300" ind1=" " ind2=" ">
    <subfield code="a">Eliminata perch ̈coincide con CNC45620</subfield>
  </datafield>
  <datafield tag="620" ind1=" " ind2=" ">
    <subfield code="a">IT</subfield>
    <subfield code="d">Roma</subfield>
  </datafield>
  <datafield tag="700" ind1=" " ind2="1">
    <subfield code="a">Lobera y Sorribes,</subfield>
    <subfield code="b">Gern̤imo Vidal</subfield>
    <subfield code="3">IT\ICCU\CNCA\009327</subfield>
  </datafield>
  <datafield tag="712" ind1="0" ind2="0">
    <subfield code="a">Luna, Giacomo</subfield>
    <subfield code="3">IT\ICCU\CNCT\000574</subfield>
    <subfield code="4">650</subfield>
  </datafield>
  <datafield tag="790" ind1=" " ind2="1">
    <subfield code="a">Lobera y Sorribes,</subfield>
    <subfield code="b">Hieronymo Vitalis</subfield>
    <subfield code="3">IT\ICCU\CNCA\020661</subfield>
    <subfield code="z">Lobera y Sorribes, Gern̤imo Vidal</subfield>
  </datafield>
  <datafield tag="790" ind1=" " ind2="1">
    <subfield code="a">Lobera y Sorribes,</subfield>
    <subfield code="b">Jeroni</subfield>
    <subfield code="3">IT\ICCU\CNCA\020662</subfield>
    <subfield code="z">Lobera y Sorribes, Gern̤imo Vidal</subfield>
  </datafield>
  <datafield tag="791" ind1="0" ind2="0">
    <subfield code="a">Luna, Iacobus</subfield>
    <subfield code="3">IT\ICCU\CNCT\004983</subfield>
    <subfield code="z">Luna, Giacomo</subfield>
  </datafield>
  <datafield tag="801" ind1=" " ind2="3">
    <subfield code="a">IT</subfield>
    <subfield code="b">ICCU</subfield>
    <subfield code="c">20201114</subfield>
  </datafield>
  <datafield tag="899" ind1=" " ind2=" ">
    <subfield code="a">Biblioteca nazionale centrale. Roma</subfield>
    <subfield code="1">RM0267</subfield>
    <subfield code="2">BVE CR</subfield>
  </datafield>
</record>
</collection>
